@article{ahrland_chatt_davies_1958,
title={The relative affinities of ligand atoms for acceptor molecules and ions},
volume={12},
DOI={10.1039/qr9581200265},
number={3},
journal={Quarterly Reviews, Chemical Society},
author={Ahrland, Sten and Chatt, J. and Davies, N. R.},
year={1958},
pages={265}
},

@article{day_1968,
title={Thermochromism of inorganic compounds},
volume={68},
DOI={10.1021/cr60256a001},
number={6},
journal={Chemical Reviews},
author={Day, Jesse H.},
year={1968},
pages={649-657}
},

@book{de_mello_donega_2014,
place={Berlin, Heidelberg},
edition={1},
title={Nanoparticles},
publisher={Springer Berlin Heidelberg},
author={de Mello Donega, Celso},
year={2014}
},

@article{delury_1902,
title={The Rate of Oxidation of Potassium Iodide by Chromic Acid},
volume={7},
DOI={10.1021/j150049a001},
number={4},
journal={The Journal of Physical Chemistry},
author={DeLury, Ralph E.},
year={1902},
pages={239-253}
},

@article{kitagawa_ozawa_toriumi_2010,
title={Flexibility of cubane-like Cu4I4 framework: temperature dependence of molecular structure and luminescence thermochromism of \ce{[Cu4I4(PPh3)4]} in two polymorphic crystalline states},
volume={46},
DOI={10.1039/c0cc01434f},
number={34},
journal={Chemical Communications},
author={Kitagawa, Hakuba and Ozawa, Yoshiki and Toriumi, Koshiro},
year={2010},
pages={6302}
},

@article{marchetti_di_nicola_pettinari_timokhin_pettinari_2012,
title={Synthesis of a Photoluminescent and Triboluminescent Copper(I) Compound: An Experiment for an Advanced Inorganic Chemistry Laboratory},
volume={89},
DOI={10.1021/ed2001494},
number={5},
journal={Journal of Chemical Education},
author={Marchetti, Fabio and Di Nicola, Corrado and Pettinari, Riccardo and Timokhin, Ivan and Pettinari, Claudio},
year={2012},
pages={652-655}
},

@book{mccleverty_meyer_2004,
place={Amsterdam},
edition={1},
title={Comprehensive coordination chemistry II},
publisher={Elsevier},
author={McCleverty, Jon A and Meyer, Thomas J},
year={2004}
},

@book{olawale_okoli_fontenot_hollerman_2016,
edition={1},
title={Triboluminescence},
publisher={Springer},
author={Olawale, David O and Okoli, Okenwa O. I and Fontenot, Ross S and Hollerman, William A},
year={2016}
},

@article{parmeggiani_sacchetti_2012,
title={Preparation and Luminescence Thermochromism of Tetranuclear Copper(I)-Pyridine-Iodide Clusters},
volume={89},
DOI={10.1021/ed200736b},
number={7},
journal={Journal of Chemical Education},
author={Parmeggiani, Fabio and Sacchetti, Alessandro},
year={2012},
pages={946-949}
},


@article{rai_mahata_mukhopadhyay_gupta_li_nguyen_zhao_pathak_singh_2014,
title={Room-Temperature Chemoselective Reduction of Nitro Groups Using Non-noble Metal Nanocatalysts in Water},
volume={53},
DOI={10.1021/ic402674z},
number={6},
journal={Inorganic Chemistry},
author={Rai, Rohit K. and Mahata, Arup and Mukhopadhyay, Sushobhan and Gupta, Sampa and Li, Pei-Zhou and Nguyen, Kim T. and Zhao, Yanli and Pathak, Biswarup and Singh, Sanjay K.},
year={2014},
pages={2904-2909}
},

@article{sage_humberstone_oswald_lloyd_bourhill_2001,
title={Getting light through black composites: embedded triboluminescent structural damage sensors},
volume={10},
DOI={10.1088/0964-1726/10/2/320},
number={2},
journal={Smart Materials and Structures},
author={Sage, I and Humberstone, L and Oswald, I and Lloyd, P and Bourhill, G},
year={2001},
pages={332-337}
},

@article{tsuboi_seto_kitamura_2008,
title={Laser-Induced Shock Wave Can Spark Triboluminescence of Amorphous Sugars},
volume={112},
DOI={10.1021/jp8002504},
number={29},
journal={The Journal of Physical Chemistry A},
author={Tsuboi, Yasuyuki and Seto, Toshiaki and Kitamura, Noboru},
year={2008},
pages={6517-6521}
},

@article{tudela_1993,
title={The Reaction of Copper(II) with Thiocyanate ions},
volume={70},
DOI={10.1021/ed070p174.3},
number={2},
journal={Journal of Chemical Education},
author={Tudela, David.},
year={1993},
pages={174}
},

@article{tykodi_1991,
title={In praise of copper},
volume={68},
DOI={10.1021/ed068p106},
number={2},
journal={Journal of Chemical Education},
author={Tykodi, R. J.},
year={1991},
pages={106}
},

@article{wang_qiao_chen_wang_ding_2005,
title={Mechanisms of PVP in the preparation of silver nanoparticles},
volume={94},
DOI={10.1016/j.matchemphys.2005.05.005},
number={2-3},
journal={Materials Chemistry and Physics},
author={Wang, Hongshui and Qiao, Xueliang and Chen, Jianguo and Wang, Xiaojian and Ding, Shiyuan},
year={2005},
pages={449-453}
},

@article{weiser_1917,
title={Crystalloluminescence II},
volume={22},
DOI={10.1021/j150188a002},
number={8},
journal={The Journal of Physical Chemistry},
author={Weiser, Harry B.},
year={1917},
pages={576-595}
}

@article{yang_li_zhang_zhang_2016,
title={Simultaneous Luminescent Thermochromism, Vapochromism, Solvatochromism, and Mechanochromism in aC3-Symmetric Cubane \ce{[Cu4I4P4]} Cluster without Cu-Cu Interaction},
volume={55},
DOI={10.1021/acs.inorgchem.6b00922},
number={15},
journal={Inorganic Chemistry},
author={Yang, Kai and Li, Shi-Li and Zhang, Fu-Qiang and Zhang, Xian-Ming},
year={2016},
pages={7323-7325}
}
