@article{grallert_rangel_yagui_pasqualoto_tavares_2012,
title={Polymeric micelles and molecular modeling applied to the development of radiopharmaceuticals},
volume={48},
DOI={10.1590/s1984-82502012000100002},
number={1},
journal={Brazilian Journal of Pharmaceutical Sciences},
author={Grallert, Sibila Roberta Marques and Rangel Yagui, Carlota de Oliveira and Pasqualoto, Kerly Fernanda Mesquita and Tavares, Leoberto Costa},
year={2012},
pages={1-16}
},

@article{gregg_jacobs_1948,
title={An examination of the adsorption theory of Brunauer, Emmett, and Teller, and Brunauer, Deming, Deming and Teller},
volume={44},
DOI={10.1039/tf9484400574},
journal={Transactions of the Faraday Society},
author={Gregg, S. J. and Jacobs, J.},
year={1948},
pages={574}
},

@book{hawley_1981,
place={New York},
edition={1},
title={The Condensed chemical dictionary},
publisher={Van Nostrand Reinhold Co.},
author={Hawley, Gessner G},
year={1981}
},

@article{lee_lu_kondo_domen_2002,
title={Three-Dimensionally Ordered Mesoporous Niobium Oxide},
volume={124},
DOI={10.1021/ja026838z},
number={38},
journal={Journal of the American Chemical Society},
author={Lee, Byongjin and Lu, Daling and Kondo, Junko N. and Domen, Kazunari},
year={2002},
pages={11256-11257}
},

@article{li_guo_shi_2010,
title={Stepwise in situ synthesis and characterization of metallophthalocyanines mesoporous matrix SBA-15 composites},
volume={12},
DOI={10.1039/b925431e},
number={19},
journal={Physical Chemistry Chemical Physics},
author={Li, Jiangtian and Guo, Limin and Shi, Jianlin},
year={2010},
pages={5109}
},

@book{macnaught_wilkinson_1997,
place={Oxford [u.a.]},
edition={1},
title={Compendium of chemical terminology},
publisher={Blackwell Science},
author={MacNaught, Alan D and Wilkinson, Andrew},
year={1997}
},

@book{melendez_murillo_ramirez_2016,
place={Bogota},
title={Sintesis, caracterizacion textural y quimica de SBA-15},
institution={Universidad de los Andes},
author={Melendez, Diana and Murillo, Yesid and Ramirez, Aida},
year={2016}
},

@article{mitra_bhaumik_paul_2008,
title={Synthesis and characterization of mesoporous titanium dioxide using self-assembly of sodium dodecyl sulfate and benzyl alcohol systems as templates},
volume={109},
DOI={10.1016/j.micromeso.2007.04.052},
number={1-3},
journal={Microporous and Mesoporous Materials},
author={Mitra, Atanu and Bhaumik, Asim and Paul, Bidyut Kumar},
year={2008},
pages={66-72}
},

@article{noda_lee_domen_kondo_2008,
title={Synthesis of Crystallized Mesoporous Tantalum Oxide and Its Photocatalytic Activity for Overall Water Splitting under Ultraviolet Light Irradiation},
volume={20},
DOI={10.1021/cm703202n},
number={16},
journal={Chemistry of Materials},
author={Noda, Yu and Lee, Byongjin and Domen, Kazunari and Kondo, Junko N.},
year={2008},
pages={5361-5367}
},

@article{parvulescu_bonnemann_parvulescu_endruschat_rufinska_lehmann_tesche_poncelet_2001,
title={Preparation and characterisation of mesoporous zirconium oxide},
volume={214},
DOI={10.1016/s0926-860x(01)00503-8},
number={2},
journal={Applied Catalysis A: General},
author={Parvulescu, V.I and Bonnemann, H and Parvulescu, V and Endruschat, U and Rufinska, A and Lehmann, Ch.W and Tesche, B and Poncelet, G},
year={2001},
pages={273-287}
},

@book{rodriguez,
place={Bogota},
title={Caracteristicas textuales de SBA},
institution={Universidad de los Andes},
author={Rodriguez, Paola}
},

@article{sing_2001,
title={The use of nitrogen adsorption for the characterisation of porous materials},
volume={187-188},
DOI={10.1016/s0927-7757(01)00612-4},
journal={Colloids and Surfaces A: Physicochemical and Engineering Aspects},
author={Sing, Kenneth},
year={2001},
pages={3-9}
},

@article{vargas_legnoverde_giraldo_basaldella_moreno-pirajan_2010,
title={Preparation and Characterization of Textural and Energetic Parameters of Common and Functionalized SBA-15 Mesoporous Silicas},
volume={28},
DOI={10.1260/0263-6174.28.5.387},
number={5},
journal={Adsorption Science and Technology},
author={Vargas, Diana and Legnoverde, Maria and Giraldo, Liliana and Basaldella, Elena and Moreno-Pirajan, Juan},
year={2010},
pages={387-396}
},

@book{yang_2011,
place={Singapore},
edition={1},
title={The chemistry of nanostructured materials},
publisher={World Scientific},
author={Yang, Peidong},
year={2011},
pages={44-45}
},

@article{zhao_1998,
title={Triblock Copolymer Syntheses of Mesoporous Silica with Periodic 50 to 300 Angstrom Pores},
volume={279},
DOI={10.1126/science.279.5350.548},
number={5350},
journal={Science},
author={Zhao, D.},
year={1998},
pages={548-552}
},

@article{zhao_huo_feng_chmelka_stucky_1998,
title={Nonionic Triblock and Star Diblock Copolymer and Oligomeric Surfactant Syntheses of Highly Ordered, Hydrothermally Stable, Mesoporous Silica Structures},
volume={120},
DOI={10.1021/ja974025i},
number={24},
journal={Journal of the American Chemical Society},
author={Zhao, Dongyuan and Huo, Qisheng and Feng, Jianglin and Chmelka, Bradley F. and Stucky, Galen D.},
year={1998},
pages={6024-6036}
}
