@article{adams1921,
author = "Roger Adams and C. S. Marvel",
journal = "Organic Syntheses",
doi = "10.15227/orgsyn.001.0033",
issn = "0078-6209",
pages = "33",
publisher = "Organic Syntheses",
title = "Benzoin",
volume = "1",
year = "1921"
}
@article{depreux1988,
author = "P. Depreux and G. Bethegnies and A. Marcincal-Lefebvre",
journal = "Journal of Chemical Education",
doi = "10.1021/ed065p553",
issn = "0021-9584",
number = "6",
pages = "553",
publisher = "American Chemical Society (ACS)",
title = "Synthesis of benzil from benzoin with copper(II) acetate",
volume = "65",
year = "1988",
month = "06"
}
@article{safari2010,
author = "Javad Safari and Naimeh Moshtael Arani and Anousheh Ramezan Isfahani",
journal = "Chinese Journal of Chemistry",
doi = "10.1002/cjoc.201090062",
issn = "1001-604X",
number = "2",
pages = "255-258",
publisher = "Wiley-Blackwell",
title = "Ultrasound-enhanced green synthesis of 5, 5-Diphenylhydantoin derivatives using symmetrical or Unsymmetrical Benzils",
volume = "28",
year = "2010",
month = "02"
}
