% This file was created with JabRef 2.10.
% Encoding: UTF-8


@Article{adams1921,
  Title                    = {Benzoin},
  Author                   = {Roger Adams and C. S. Marvel},
  Journal                  = {Organic Syntheses},
  Year                     = {1921},
  Pages                    = {33},
  Volume                   = {1},

  Doi                      = {10.15227/orgsyn.001.0033},
  ISSN                     = {0078-6209},
  Publisher                = {Organic Syntheses}
}

@Book{aicardi2007,
  Title                    = {Epilepsy: A comprehensive textbook: Integrated content Website},
  Author                   = {Jean Aicardi and Marc A. Dichter},
  Editor                   = {Jerome Engel and Timothy A. Pedley},
  Publisher                = {Wolters Kluwer Health/Lippincott Williams \& Wilkins},
  Year                     = {2007},

  Address                  = {Philadelphia},
  Edition                  = {2},
  Month                    = {09},

  Day                      = {01},
  ISBN                     = {9780781757775}
}

@Article{bowden1994,
  Title                    = {Reactions of carbonyl compounds in basic solutions. Part 20. Mechanism of the base-catalysed rearrangement of symmetrically substituted benzils},
  Author                   = {Keith Bowden and Karl D. Williams},
  Journal                  = {Journal of the Chemical Society, Perkin Transactions 2},
  Year                     = {1994},
  Number                   = {1},
  Pages                    = {77},

  Doi                      = {10.1039/p29940000077},
  ISSN                     = {0300-9580},
  Publisher                = {Royal Society of Chemistry (RSC)}
}

@Article{burke2007,
  Title                    = {Mechanistic and synthetic aspects of the Benzilic acid and Ester rearrangements},
  Author                   = {Anthony Burke and C. Marques},
  Journal                  = {Mini-Reviews in Organic Chemistry},
  Year                     = {2007},

  Month                    = {11},
  Number                   = {4},
  Pages                    = {310-316},
  Volume                   = {4},

  Day                      = {01},
  Doi                      = {10.2174/157019307782411707},
  ISSN                     = {1570-193X},
  Publisher                = {Bentham Science Publishers}
}

@Article{comisar2007,
  Title                    = {Benzil rearrangement Kinetics and pathways in high-temperature water},
  Author                   = {Craig M. Comisar and Phillip E. Savage},
  Journal                  = {Industrial \& Engineering Chemistry Research},
  Year                     = {2007},

  Month                    = {03},
  Number                   = {6},
  Pages                    = {1690-1695},
  Volume                   = {46},

  Doi                      = {10.1021/ie061133h},
  ISSN                     = {0888-5885},
  Publisher                = {American Chemical Society (ACS)}
}

@Article{depreux1988,
  Title                    = {Synthesis of benzil from benzoin with copper(II) acetate},
  Author                   = {P. Depreux and G. Bethegnies and A. Marcincal-Lefebvre},
  Journal                  = {Journal of Chemical Education},
  Year                     = {1988},

  Month                    = {06},
  Number                   = {6},
  Pages                    = {553},
  Volume                   = {65},

  Doi                      = {10.1021/ed065p553},
  ISSN                     = {0021-9584},
  Publisher                = {American Chemical Society (ACS)}
}

@Article{dunnavant1956,
  Title                    = {Molecular rearrangements. I. The base-catalyzed condensation of Benzil with urea1},
  Author                   = {W. R. Dunnavant and Floyd L. James},
  Journal                  = {Journal of the American Chemical Society},
  Year                     = {1956},

  Month                    = {06},
  Number                   = {12},
  Pages                    = {2740-2743},
  Volume                   = {78},

  Doi                      = {10.1021/ja01593a025},
  ISSN                     = {0002-7863},
  Publisher                = {American Chemical Society (ACS)}
}

@Article{gbaguidi2011,
  Title                    = {A High Yield Synthesis of Phenytoin and Related Compounds Using Microwave Activation},
  Author                   = {Fernand Gbaguidi and Salom{\' e} Kpoviessi and Coco Kapanda and Giulio Muccionli and Didier Lambert and G{\' e}orges Accombessi and Moudachirou Mansourou and Jacques Poupaert},
  Journal                  = {African Journal of Pure and Applied Chemistry},
  Year                     = {2011},

  Month                    = {07},
  Number                   = {7},
  Pages                    = {168-175},
  Volume                   = {5}
}

@Article{hayward1983,
  Title                    = {Synthesis of the anticonvulsant drug 5, 5-diphenylhydantoin: An undergraduate organic chemistry experiment},
  Author                   = {Rodney C. Hayward},
  Journal                  = {Journal of Chemical Education},
  Year                     = {1983},

  Month                    = {06},
  Number                   = {6},
  Pages                    = {512},
  Volume                   = {60},

  Doi                      = {10.1021/ed060p512},
  ISSN                     = {0021-9584},
  Publisher                = {American Chemical Society (ACS)}
}

@Article{hayward1983a,
  Title                    = {Synthesis of the anticonvulsant drug 5, 5-diphenylhydantoin: An undergraduate organic chemistry experiment},
  Author                   = {Rodney C. Hayward},
  Journal                  = {Journal of Chemical Education},
  Year                     = {1983},

  Month                    = {06},
  Number                   = {6},
  Pages                    = {512},
  Volume                   = {60},

  Doi                      = {10.1021/ed060p512},
  ISSN                     = {0021-9584},
  Publisher                = {American Chemical Society (ACS)}
}

@Article{ildiz2012,
  Title                    = {FTIR spectroscopic and quantum chemical studies on hydantoin},
  Author                   = {Gulce Ogruc Ildiz and Ismail Boz and Ozan Unsalan},
  Journal                  = {Optics and Spectroscopy},
  Year                     = {2012},

  Month                    = {05},
  Number                   = {5},
  Pages                    = {665-670},
  Volume                   = {112},

  Doi                      = {10.1134/s0030400x12050062},
  ISSN                     = {0030-400X},
  Publisher                = {Pleiades Publishing}
}

@Book{kadam2007,
  Title                    = {Principles of Medicinal Chemistry},
  Author                   = {S. S. Kadam and K. R. Mahadik and K. G. Bothara},
  Publisher                = {Nirali Prakashan},
  Year                     = {2007},

  Address                  = {India},
  Edition                  = {Eighteen Edition},

  Pages                    = {427}
}

@Book{li2013,
  Title                    = {Name reactions: A collection of detailed reaction mechanisms: [more than 300 reactions]},
  Author                   = {Jie Jack J. Li},
  Publisher                = {Springer-Verlag Berlin and Heidelberg GmbH \& Co. K},
  Year                     = {2013},

  Address                  = {Berlin},
  Month                    = {02},

  Day                      = {01},
  ISBN                     = {9783540430247},
  Pages                    = {57}
}

@Article{li2010,
  Title                    = {Synthesis of glycoluril catalyzed by potassium hydroxide under ultrasound irradiation},
  Author                   = {Ji-Tai Li and Xiao-Ru Liu and Ming-Xuan Sun},
  Journal                  = {Ultrasonics Sonochemistry},
  Year                     = {2010},

  Month                    = {01},
  Number                   = {1},
  Pages                    = {55-57},
  Volume                   = {17},

  Doi                      = {10.1016/j.ultsonch.2009.04.010},
  ISSN                     = {1350-4177},
  Publisher                = {Elsevier BV}
}

@Article{mahmoodi2004,
  Title                    = {One-Pot synthesis of Phenytoin Analogs},
  Author                   = {N. O. Mahmoodi and S. Emadi},
  Journal                  = {Russian Journal of Organic Chemistry},
  Year                     = {2004},

  Month                    = {03},
  Number                   = {3},
  Pages                    = {377-382},
  Volume                   = {40},

  Doi                      = {10.1023/b:rujo.0000034975.03943.bb},
  ISSN                     = {1070-4280},
  Publisher                = {Springer Nature}
}

@Book{pavia2010,
  Title                    = {A small scale approach to organic laboratory techniques: A small-scale approach - 3rd edition},
  Author                   = {Donald L. Pavia and Gary M Lampman and George S Kriz},
  Publisher                = {Brooks/Cole Cengage Learning},
  Year                     = {2010},

  Address                  = {United States},
  Edition                  = {3},
  Month                    = {02},

  Day                      = {02},
  ISBN                     = {9781439049327},
  Pages                    = {266-276}
}

@Article{phelan1967,
  Title                    = {A molecular orbital description of the non-classical ion in 1, 2 rearrangements},
  Author                   = {Nelson F. Phelan and H. H. Jaffe and Milton Orchin},
  Journal                  = {Journal of Chemical Education},
  Year                     = {1967},

  Month                    = {11},
  Number                   = {11},
  Pages                    = {626},
  Volume                   = {44},

  Doi                      = {10.1021/ed044p626},
  ISSN                     = {0021-9584},
  Publisher                = {American Chemical Society (ACS)}
}

@Article{sachdev2010,
  Title                    = {One step liquid phase heterogeneous synthesis of phenytoin over MgAl calcined hydrotalcites},
  Author                   = {Divya Sachdev and Amit Dubey},
  Journal                  = {Catalysis Communications},
  Year                     = {2010},

  Month                    = {07},
  Number                   = {13},
  Pages                    = {1063-1067},
  Volume                   = {11},

  Doi                      = {10.1016/j.catcom.2010.05.004},
  ISSN                     = {1566-7367},
  Publisher                = {Elsevier BV}
}

@Article{safari2010,
  Title                    = {Ultrasound-enhanced green synthesis of 5, 5-Diphenylhydantoin derivatives using symmetrical or Unsymmetrical Benzils},
  Author                   = {Javad Safari and Naimeh Moshtael Arani and Anousheh Ramezan Isfahani},
  Journal                  = {Chinese Journal of Chemistry},
  Year                     = {2010},

  Month                    = {02},
  Number                   = {2},
  Pages                    = {255-258},
  Volume                   = {28},

  Doi                      = {10.1002/cjoc.201090062},
  ISSN                     = {1001-604X},
  Publisher                = {Wiley-Blackwell}
}

@Article{triovi2015,
  Title                    = {Electrochemical characterization of phenytoin and its derivatives on bare gold electrode},
  Author                   = {Nemanja P. Trišović and Bojan Dj. Božić and Jelena D. Lović and Vesna D. Vitnik and Željko J. Vitnik and Slobodan D. Petrović and Milka L. Avramov Ivić},
  Journal                  = {Electrochimica Acta},
  Year                     = {2015},

  Month                    = {04},
  Pages                    = {378-387},
  Volume                   = {161},

  Doi                      = {10.1016/j.electacta.2015.02.114},
  ISSN                     = {0013-4686},
  Publisher                = {Elsevier BV}
}

@Book{wigal2000,
  Title                    = {Modular laboratory program in chemistry},
  Author                   = {Carl T. Wigal},
  Editor                   = {Joe Jeffers},
  Publisher                = {H. A. Neidig},
  Year                     = {2000},
  Edition                  = {Chemical Education Resources}
}

@Article{yamabe2006,
  Title                    = {A FMO-Controlled reaction path in the Benzil-Benzilic acid rearrangement},
  Author                   = {Shinichi Yamabe and Noriko Tsuchida and Shoko Yamazaki},
  Journal                  = {The Journal of Organic Chemistry},
  Year                     = {2006},

  Month                    = {03},
  Number                   = {5},
  Pages                    = {1777-1783},
  Volume                   = {71},

  Doi                      = {10.1021/jo051862r},
  ISSN                     = {0022-3263},
  Publisher                = {American Chemical Society (ACS)}
}

@Misc{bordwellpkatableacidityindmso,
  Title                    = {Bordwell pKa table (acidity in DMSO)},

  Url                      = {http://www.chem.wisc.edu/areas/reich/pkatable/},
  Urldate                  = {2017-03-02}
}

@Misc{urea,
  Title                    = {Urea},

  Url                      = {https://www.drugbank.ca/drugs/DB03904},
  Urldate                  = {2017-03-02}
}

@article{asif2015,
author = "Mohammad Asif",
journal = "Discovery Chemistry",
number = "2",
pages = "55-63",
title = "Biological activities of Phenytoin and related compounds",
volume = "1",
year = "2015",
month = "04",
day = "01"
}
@book{kroschwitz2007,
author = "Jacqueline I Kroschwitz and R. E. Kirk-Othmer and Jacqueline Kroschwitz I. Kirk-Othmer",
edition = "5",
isbn = "9780471484943",
publisher = "Wiley-Blackwell (an imprint of John Wiley \& Sons Ltd)",
address = "Chichester, United Kingdom",
title = "Kirk-Othmer encyclopedia of chemical technology",
year = "2007",
month = "05",
day = "16"
}
@thesis{m2015,
author = "Leonard M",
title = "A novel hydantoin synthesis and exploration of related reactions",
year = "2015",
month = "10",
day = "23"
}
@article{yamabe2009,
author = "Shinichi Yamabe and Shoko Yamazaki",
journal = "Organic \& Biomolecular Chemistry",
doi = "10.1039/b817849f",
issn = "1477-0520",
number = "5",
pages = "951",
publisher = "Royal Society of Chemistry (RSC)",
title = "Three competitive transition states in the benzoin condensation compared to the clear rate-determining step in the Cannizzaro reaction",
volume = "7",
year = "2009"
}
@incollection{cyanideioncatalyzedbenzoincondensation2014,
booktitle = "Comprehensive Organic Synthesis",
pages = "434-436",
address = "Newnes",
title = "Cyanide Ion-Catalyzed Benzoin Condensation",
year = "2014"
}

